@article{wang,
    author = {Zhien Wang and Kenneth Sassen},
    title = {Cloud Type and Macrophysical Property Retrieval Using Multiple Remote Sensors},
    journal = {Journal of Applied Meteorology},
    volume = {40},
    number = {10},
    pages = {1665-1682},
    year = {2001},
    doi = {10.1175/1520-0450(2001)040<1665:CTAMPR>2.0.CO;2},

    URL = { 
            https://doi.org/10.1175/1520-0450(2001)040<1665:CTAMPR>2.0.CO;2
        
    },
    eprint = { 
            https://doi.org/10.1175/1520-0450(2001)040<1665:CTAMPR>2.0.CO;2
        
    }
}

@article{heinle,
    AUTHOR = {Heinle, A. and Macke, A. and Srivastav, A.},
    TITLE = {Automatic cloud classification of whole sky images},
    JOURNAL = {Atmospheric Measurement Techniques},
    VOLUME = {3},
    YEAR = {2010},
    NUMBER = {3},
    PAGES = {557--567},
    URL = {https://www.atmos-meas-tech.net/3/557/2010/},
    DOI = {10.5194/amt-3-557-2010}
}

@article{wiki:wolkenarten,
    author = {Wikipedia},
    title = {Wolke --- Wiikipedia{,} Die freie Enzyklopädie},
    chapter = {Klassifikation, Internationales System, Überblick},
    year = {2018},
    url = {https://de.wikipedia.org/w/index.php?title=Wolke&oldid=180047527#%C3%9Cbersicht},
    note = {zuletzt abgerufen im August 2018},
}

@misc{wolkenonline,
    author = {Stefan Bauer},
    title = {Wolkenatlas - Wolkenklassifikation Wolkenbilder},
    year = {2018},
    url = {http://www.wolken-online.de/wolkenatlas.htm},
    note = {zuletzt abgerufen im August 2018},
}

@misc{wmo:images,
    author = {World Meteorological Organization},
    title = {Images | International Cloud Atlas},
    year = {2017},
    url = {https://cloudatlas.wmo.int/search-image-gallery.html},
    note = {zuletzt abgerufen im August 2018},
}
